<?xml version="1.0" encoding="UTF-8" standalone="no"?><marc:collection xmlns:marc="http://www.loc.gov/MARC21/slim"><marc:record><marc:leader>01561nam0 22002293  450 </marc:leader><marc:controlfield tag="001">RU\NLR\BIBL_A\012158414</marc:controlfield><marc:controlfield tag="005">20210706110425.0</marc:controlfield><marc:datafield ind1=" " ind2=" " tag="010"><marc:subfield code="a">978-5-7629-2418-4</marc:subfield><marc:subfield code="d">293 экз.</marc:subfield></marc:datafield><marc:datafield ind1=" " ind2=" " tag="035"><marc:subfield code="a">(RuMoRGB)010146893</marc:subfield></marc:datafield><marc:datafield ind1=" " ind2=" " tag="100"><marc:subfield code="a">20191209d2018       y0rusy0150    ca</marc:subfield></marc:datafield><marc:datafield ind1="0" ind2=" " tag="101"><marc:subfield code="a">rus</marc:subfield></marc:datafield><marc:datafield ind1=" " ind2=" " tag="102"><marc:subfield code="a">RU</marc:subfield></marc:datafield><marc:datafield ind1=" " ind2=" " tag="105"><marc:subfield code="a">||||zzzz0|||y</marc:subfield></marc:datafield><marc:datafield ind1="1" ind2=" " tag="200"><marc:subfield code="a">Статические и стационарные поля</marc:subfield><marc:subfield code="e">сборник задач и практикум по теории электромагнитного поля : учебное пособие</marc:subfield><marc:subfield code="f">Е. В. Лановенко, М. С. Портной, В. В. Федоров</marc:subfield><marc:subfield code="g">Минобрнауки России, Санкт-Петербургский государственный электротехнический университет "ЛЭТИ" им. В. И. Ульянова (Ленина)</marc:subfield></marc:datafield><marc:datafield ind1=" " ind2=" " tag="210"><marc:subfield code="a">Санкт-Петербург</marc:subfield><marc:subfield code="c">Изд-во СПБГЭТУ "ЛЭТИ"</marc:subfield><marc:subfield code="d">2018</marc:subfield></marc:datafield><marc:datafield ind1=" " ind2=" " tag="215"><marc:subfield code="a">105 с.</marc:subfield><marc:subfield code="c">ил.</marc:subfield><marc:subfield code="d">21</marc:subfield></marc:datafield><marc:datafield ind1=" " ind2=" " tag="320"><marc:subfield code="a">Библиогр.: с. 103</marc:subfield></marc:datafield><marc:datafield ind1=" " ind2=" " tag="606"><marc:subfield code="a">Физико-математические науки -- Физика -- Электричество и магнетизм -- Задачник для высшей школы</marc:subfield><marc:subfield code="2">rubbk</marc:subfield></marc:datafield><marc:datafield ind1=" " ind2=" " tag="686"><marc:subfield code="a">В33я73-4</marc:subfield><marc:subfield code="2">rubbk</marc:subfield></marc:datafield><marc:datafield ind1=" " ind2="1" tag="700"><marc:subfield code="a">Лановенко</marc:subfield><marc:subfield code="b">Е. В.</marc:subfield><marc:subfield code="c">канд. техн. наук</marc:subfield><marc:subfield code="g">Елена Викторовна</marc:subfield><marc:subfield code="3">RU\NLR\AUTH\770232039</marc:subfield></marc:datafield><marc:datafield ind1=" " ind2="1" tag="701"><marc:subfield code="a">Портной</marc:subfield><marc:subfield code="b">М. С.</marc:subfield><marc:subfield code="g">Марк Саулович</marc:subfield></marc:datafield><marc:datafield ind1=" " ind2="1" tag="701"><marc:subfield code="a">Федоров</marc:subfield><marc:subfield code="b">В. В.</marc:subfield><marc:subfield code="c">д-р техн. наук, электротехника</marc:subfield><marc:subfield code="g">Виктор Викторович</marc:subfield><marc:subfield code="3">RU\NLR\AUTH\7762187</marc:subfield></marc:datafield></marc:record></marc:collection>